
%%%%%%%%%
@article{qiu2024boundary,
  title={Boundary attention guided sparse feature learning for underwater object tracking in edge computing},
  author={Qiu, Hongyi and Li, Ning and Li, Pengfei and Hou, Ruitao and Zhang, Yuting and Peng, Yun},
  journal={ACM Transactions on Multimedia Computing, Communications and Applications},
  year={2024},
  publisher={ACM New York, NY}
}

@article{zhou2024real,
  title={Real-time underwater object detection technology for complex underwater environments based on deep learning},
  author={Zhou, Hui and Kong, Meiwei and Yuan, Hexiang and Pan, Yanyan and Wang, Xinru and Chen, Rong and Lu, Weiheng and Wang, Ruizhi and Yang, Qunhui},
  journal={Ecological Informatics},
  volume={82},
  pages={102680},
  year={2024},
  publisher={Elsevier}
}

@article{mathias2022occlusion,
  title={Occlusion aware underwater object tracking using hybrid adaptive deep SORT-YOLOv3 approach},
  author={Mathias, Ajisha and Dhanalakshmi, Samiappan and Kumar, R},
  journal={Multimedia Tools and Applications},
  volume={81},
  number={30},
  pages={44109--44121},
  year={2022},
  publisher={Springer}
}


@article{elmezain2025advancing,
  title={Advancing Underwater Vision: A Survey of Deep Learning Models for Underwater Object Recognition and Tracking},
  author={Elmezain, Mahmoud and Saoud, Lyes Saad and Sultan, Atif and Heshmat, Mohamed and Seneviratne, Lakmal and Hussain, Irfan},
  journal={IEEE Access},
  year={2025},
  publisher={IEEE}
}

@article{bhadouriaunderwater,
  title={Underwater image enhancement techniques: an exhaustive study},
  author={Bhadouria, Aashi Singh},
  journal={International journal for research in applied science \& engineering technology (IJRASET), ISSN},
  pages={2321--9653}
}

@article{rout2019walsh,
  title={Walsh--Hadamard-kernel-based features in particle filter framework for underwater object tracking},
  author={Rout, Deepak Kumar and Subudhi, Badri Narayan and Veerakumar, Thangaraj and Chaudhury, Santanu},
  journal={IEEE Transactions on Industrial Informatics},
  volume={16},
  number={9},
  pages={5712--5722},
  year={2019},
  publisher={IEEE}
}

@article{zhang2024webuot,
  title={Webuot-1m: Advancing deep underwater object tracking with a million-scale benchmark},
  author={Zhang, Chunhui and Liu, Li and Huang, Guanjie and Wen, Hao and Zhou, Xi and Wang, Yanfeng},
  journal={arXiv preprint arXiv:2405.19818},
  year={2024}
}

@article{feng2019dynamic,
  title={Dynamic saliency-aware regularization for correlation filter-based object tracking},
  author={Feng, Wei and Han, Ruize and Guo, Qing and Zhu, Jianke and Wang, Song},
  journal={IEEE Transactions on Image Processing},
  volume={28},
  number={7},
  pages={3232--3245},
  year={2019},
  publisher={IEEE}
}

@article{du2021overview,
  title={An overview of correlation-filter-based object tracking},
  author={Du, Shide and Wang, Shiping},
  journal={IEEE Transactions on Computational Social Systems},
  volume={9},
  number={1},
  pages={18--31},
  year={2021},
  publisher={IEEE}
}

@inproceedings{zhao2020correlation,
  title={Correlation filter-based object tracking algorithms},
  author={Zhao, Songke and Sun, Kewei and Ji, Yuanfa and Guo, Ning and Jia, Xizi},
  booktitle={2020 IEEE 3rd International Conference on Information Communication and Signal Processing (ICICSP)},
  pages={57--62},
  year={2020},
  organization={IEEE}
}

@article{lin2024motion,
  title={Motion-aware correlation filter-based object tracking in satellite videos},
  author={Lin, Bin and Zheng, Jinlei and Xue, Chaocan and Fu, Lei and Li, Ying and Shen, Qiang},
  journal={IEEE Transactions on Geoscience and Remote Sensing},
  volume={62},
  pages={1--13},
  year={2024},
  publisher={IEEE}
}

@inproceedings{srigowri2022enhancing,
  title={Enhancing unpaired underwater images with cycle consistent network},
  author={Srigowri, MV},
  booktitle={2022 International Conference on Inventive Computation Technologies (ICICT)},
  pages={305--311},
  year={2022},
  organization={IEEE}
}

@article{lotfi2024comparison,
  title={A comparison of RL-based and PID controllers for 6-DOF swimming robots: hybrid underwater object tracking},
  author={Lotfi, Faraz and Virji, Khalil and Dudek, Nicholas and Dudek, Gregory},
  journal={arXiv preprint arXiv:2401.16618},
  year={2024}
}

@article{yang2024lu2net,
  title={LU2Net: a lightweight network for real-time underwater image enhancement},
  author={Yang, Haodong and Xu, Jisheng and Lin, Zhiliang and He, Jianping},
  journal={arXiv preprint arXiv:2406.14973},
  year={2024}
}

@article{wu2023hybrid,
  title={A hybrid excitation model based lightweight siamese network for underwater vehicle object tracking missions},
  author={Wu, Xiaofeng and Han, Xinyue and Zhang, Zongyu and Wu, Han and Yang, Xu and Huang, Hai},
  journal={Journal of Marine Science and Engineering},
  volume={11},
  number={6},
  pages={1127},
  year={2023},
  publisher={MDPI}
}

@article{8825470,
  author={Jiao, Licheng and Zhang, Fan and Liu, Fang and Yang, Shuyuan and Li, Lingling and Feng, Zhixi and Qu, Rong},
  journal={IEEE Access}, 
  title={A Survey of Deep Learning-Based Object Detection}, 
  year={2019},
  volume={7},
  number={},
  pages={128837-128868},
  keywords={Deep learning;Training data;Image classification;Transportation;Object detection;Detectors;Computer architecture;Computer vision;Pipelines;Classification;deep learning;localization;object detection;typical pipelines},
  doi={10.1109/ACCESS.2019.2939201}}
}

@article{arkin2023survey,
  title={A survey: object detection methods from CNN to transformer},
  author={Arkin, Ershat and Yadikar, Nurbiya and Xu, Xuebin and Aysa, Alimjan and Ubul, Kurban},
  journal={Multimedia Tools and Applications},
  volume={82},
  number={14},
  pages={21353--21383},
  year={2023},
  publisher={Springer}
}

@article{pereira2022sort,
  title={Sort and deep-SORT based multi-object tracking for mobile robotics: Evaluation with new data association metrics},
  author={Pereira, Ricardo and Carvalho, Guilherme and Garrote, Lu{\'\i}s and Nunes, Urbano J},
  journal={Applied Sciences},
  volume={12},
  number={3},
  pages={1319},
  year={2022},
  publisher={MDPI}
}

@article{braca2015distributed,
  title={Distributed information fusion in multistatic sensor networks for underwater surveillance},
  author={Braca, Paolo and Goldhahn, Ryan and Ferri, Gabriele and LePage, Kevin D},
  journal={IEEE Sensors Journal},
  volume={16},
  number={11},
  pages={4003--4014},
  year={2015},
  publisher={IEEE}
}

@article{tharmarasa2007large,
title={Large-scale optimal sensor array management for multitarget tracking},
author={Tharmarasa, Ratnasingham and Kirubarajan, Thiagalingam and Hernandez, Marcel},
journal={IEEE Transactions on Systems, Man, and Cybernetics, Part C (Applications and Reviews)},
volume={37},
number={5},
pages={803--814},
year={2007},
publisher={IEEE}
}

@inproceedings{uney2022passive,
  title={Passive sensor fusion and tracking in underwater surveillance with the GLMB model},
  author={Uney, Murat and Stinco, Pietro and Dreo, Richard and Micheli, Michele and De Magistris, Giovanni and Tesei, Alessandra},
  booktitle={2022 25th International Conference on Information Fusion (FUSION)},
  pages={1--8},
  year={2022},
  organization={IEEE}
}
